%%%%% Articulos %%%%%%

@article{Weinstein83,
author = "Weinstein, A.",
doi = "10.4310/jdg/1214437787",
fjournal = "Journal of Differential Geometry",
journal = "J. Differential Geom.",
number = "3",
pages = "523--557",
publisher = "Lehigh University",
title = "The local structure of Poisson manifolds",
url = "http://dx.doi.org/10.4310/jdg/1214437787",
volume = "18",
year = "1983"}

@article{Sussmann73,
 ISSN = "00029947",
 URL = "http://www.jstor.org/stable/1996660",
 author = "H. J. Sussmann",
 journal = "Transactions of the American Mathematical Society",
 pages = "171--188",
 publisher = "American Mathematical Society",
 title = "Orbits of Families of Vector Fields and Integrability of Distributions",
 volume = "180",
 year = "1973"}

@ARTICLE{Poisson,
   author = "Poisson, S.-D.",
    title = "Sur la variation des constantes arbitraires dans les questions de mecanique",
  journal = "J. Ecole Polytechnique 8",
     year = "1809",
   volume = "15",
    pages = "266--344" }

@ARTICLE{Seade2,
author = {Sc\'ardua, B. and Seade, J.},
title = "{Codimension one foliations with Bott--Morse singularities II}",
journal = {Journal of Topology},
volume = {4},
number = {2},
publisher = {Oxford University Press},
issn = {1753-8424},
url = {http://dx.doi.org/10.1112/jtopol/jtr004},
doi = {10.1112/jtopol/jtr004},
pages = {343--382},
year = {2011},
}

@ARTICLE{Seade1,
author = {Sc\'ardua, B. and Seade, J.},
doi = "10.4310/jdg/12530804355",
fjournal = "Journal of Differential Geometry",
journal = "J. Differential Geom.",
month = "09",
number = "1",
pages = "189--212",
publisher = "Lehigh University",
title = "{Codimension one foliations with Bott--Morse singularities I}",
url = "http://dx.doi.org/10.4310/jdg/1253804355",
volume = "83",
year = "2009"
}

@ARTICLE{GSV,
author=" Garc{\'i}a-Naranjo, Luis C. and Su{\'a}rez-Serrato, Pablo and Vera, Ram{\'o}n",
title="Poisson Structures on Smooth 4--Manifolds",
journal="Letters in Mathematical Physics",
year="2015",
month="Nov",
day="01",
volume="105",
number="11",
pages="1533--1550",
abstract="We show that every closed oriented smooth 4-manifold admits a complete singular Poisson structure in each homotopy class of maps to the 2-sphere. The rank of this structure is 2 outside a small singularity set, which consists of finitely many circles and isolated points. The Poisson bivector vanishes on the singularities, where we give its local form explicitly.",
issn="1573-0530",
doi="10.1007/s11005-015-0792-8",
url="http://dx.doi.org/10.1007/s11005-015-0792-8"
}
  
@Article{SO,
author="Su{\'a}rez-Serrato, P.
and Torres Orozco, J.",
title="Poisson structures on wrinkled fibrations",
journal="Bolet{\'i}n de la Sociedad Matem{\'a}tica Mexicana",
year="2016",
volume="22",
number="1",
pages="263--280",
issn="2296-4495",
doi="10.1007/s40590-015-0072-8",
url="http://dx.doi.org/10.1007/s40590-015-0072-8"}}

@article{Bott,
 ISSN = {0003486X},
 URL = {http://www.jstor.org/stable/1969631},
 author = {R. Bott},
 journal = {Annals of Mathematics},
 number = {2},
 pages = {248-261},
 publisher = {Annals of Mathematics},
 title = {Nondegenerate Critical Manifolds},
 volume = {60},
 year = {1954}}

@article{Banyaga,
title = "A proof of the Morse-Bott Lemma",
journal = "Expositiones Mathematicae",
volume = "22",
number = "4",
pages = "365 - 373",
year = "2004",
note = "",
issn = "0723-0869",
doi = "http://dx.doi.org/10.1016/S0723-0869(04)80014-8",
url = "http://www.sciencedirect.com/science/article/pii/S0723086904800148",
author = "A. Banyaga and D. E. Hurtubise",
keywords = "critical points",
keywords = "Hessian",
keywords = "nondegenerate critical points",
keywords = "Morse index",
keywords = "critical submanifold",
keywords = "Morse index of a critical submanifold",
keywords = "Morse function",
keywords = "Morse-Bott function"}}

@article {Stefan74,
author = {Stefan, P.},
title = {Accessible Sets, Orbits, and Foliations with Singularities},
journal = {Proceedings of the London Mathematical Society},
volume = {3-29},
number = {4},
publisher = {Oxford University Press},
issn = {1460-244X},
pages = {699--713},
year = {1974},
}


%%%%%% Libros %%%%%%

%Foliaciones
@book{Camacho,
   title =     {Geometric Theory of Foliations},
   author =    {C. Camacho and A. L. Neto},
   publisher = {Birkh\"auser Boston},
   isbn =      {978-1-4612-5292-4},
   year =      {1985},
   series =    {},
   edition =   {1},
   volume =    {},
   url =       {http://gen.lib.rus.ec/book/index.php?md5=7743FE81AA9719FA3BE59B117732C1CF}}
   
@book{Molino,
   title =     {Riemannian Foliations},
   author =    {P. Molino},
   publisher = {Birkh\"auser Basel},
   isbn =      {978-1-4684-8672-8,978-1-4684-8670-4},
   year =      {1988},
   series =    {Progress in Mathematics 73},
   edition =   {1},
   volume =    {},
   url =       {http://gen.lib.rus.ec/book/index.php?md5=98EAB732A19025B76CC12035BD8786FB}}

%Teoria de Morse   
@book{Milnor,
   title =     {Morse Theory},
   author =    {J. Milnor},
   publisher = {Princeton University Press},
   isbn =      {0691080089,9780691080086},
   year =      {1963},
   series =    {Annals of Mathematics Studies 51},
   edition =   {1},
   volume =    {},
   url =       {http://gen.lib.rus.ec/book/index.php?md5=A34188063F5C5A2DD95C4D781160FD64}}
   
@book{Matsumoto,
  title={An Introduction to Morse Theory},
  author={Matsumoto, Y.},
  isbn={9780821810224},
  lccn={01045751},
  series={Europe and Central Asia Poverty Reduction and Economic Manag},
  url={https://books.google.com.mx/books?id=TtKyqozvgIwC},
  year={2002},
  publisher={American Mathematical Society}}

           
%Geometria de Poisson
@book{Laurent,
   title =     {Poisson structures},
   author =    {C. Laurent-Gengoux and A. Pichereau and P. Vanhaecke},
   publisher = {Springer-Verlag Berlin Heidelberg},
   isbn =      {9783642310904,3642310907},
   year =      {2013},
   series =    {Grundlehren der mathematischen Wissenschaften 347},
   edition =   {1},
   volume =    {},
   url =       {http://gen.lib.rus.ec/book/index.php?md5=561C34228D8AC9C2A9AF3838C1EE937C}}

@book{Dufour,
   title =     {Poisson Structures and Their Normal Forms},
   author =    {J.-P. Dufour and N. T. Zung },
   publisher = {Birkh\"auser Basel},
   isbn =      {3764373342,9783764373344,9783764373351,3764373350},
   year =      {2005},
   series =    {Progress in Mathematics 242},
   edition =   {1},
   volume =    {},
   url =       {http://gen.lib.rus.ec/book/index.php?md5=367A1A7C9B490BC87D750B92C51A29AE}}
   
@book{Vaisman,
                        resid = {113096},
                        location =     {113000/1cc7a4a841b996739326551a7c9fea55},
                        status =    {OK},
                        subject = {Mathematics },
                        title =      {Lectures on the geometry of Poisson manifolds},
                        author =      {I Vaisman},
                        publisher =    {Birkh\"auser Basel},
                        type =   {djvu},
                        series = {Progress in Mathematics},
                        isbn = {978-3-0348-8495-2},
                        edition = {1},
                        year = {1994},
                        volume = {},
                        md5 = {1CC7A4A841B996739326551A7C9FEA55},
                        url =       {113000/1cc7a4a841b996739326551a7c9fea55}}
   
%%%%OTROS%%%%

@book{Xu,
   title =     {A guide to the classification theorem for compact surfaces},
   author =    {Jean H Gallier; Dianna Xu },
   publisher = {Springer},
   isbn =      {9783642343643,3642343643},
   year =      {2013},
   series =    {Geometry and computing},
   edition =   {},
   volume =    {},
   url =       {http://gen.lib.rus.ec/book/index.php?md5=DC485FE202C4F029A60EAF0DB61CB174}}

@book{MilnorH-C,
  title={Lectures on the H-Cobordism Theorem},
  author={Milnor, J.},
  isbn={9781400878055},
  series={Princeton Legacy Library},
  url={https://books.google.com.mx/books?id=\_znWCgAAQBAJ},
  year={2015},
  publisher={Princeton University Press}
}
@article{sympy,
 title = {SymPy: symbolic computing in Python},
 author = {Meurer, Aaron and Smith, Christopher P. and Paprocki, Mateusz and \v{C}ert\'{i}k, Ond\v{r}ej and Kirpichev, Sergey B. and Rocklin, Matthew and Kumar, AMiT and Ivanov, Sergiu and Moore, Jason K. and Singh, Sartaj and Rathnayake, Thilina and Vig, Sean and Granger, Brian E. and Muller, Richard P. and Bonazzi, Francesco and Gupta, Harsh and Vats, Shivam and Johansson, Fredrik and Pedregosa, Fabian and Curry, Matthew J. and Terrel, Andy R. and Rou\v{c}ka, \v{S}t\v{e}p\'{a}n and Saboo, Ashutosh and Fernando, Isuru and Kulal, Sumith and Cimrman, Robert and Scopatz, Anthony},
 year = 2017,
 month = jan,
 keywords = {Python, Computer algebra system, Symbolics},
 abstract = {
            SymPy is an open source computer algebra system written in pure Python. It is built with a focus on extensibility and ease of use, through both interactive and programmatic applications. These characteristics have led SymPy to become a popular symbolic library for the scientific Python ecosystem. This paper presents the architecture of SymPy, a description of its features, and a discussion of select submodules. The supplementary material provide additional examples and further outline details of the architecture and features of SymPy.
         },
 volume = 3,
 pages = {e103},
 journal = {PeerJ Computer Science},
 issn = {2376-5992},
 url = {https://doi.org/10.7717/peerj-cs.103},
 doi = {10.7717/peerj-cs.103}
}
@misc{galgebra,
author = {Alan Bromborsky},
title = {Galgebra},
year = {2016},
howpublished = "\url{https://github.com/brombo/galgebra}"
}
         